<record><leader>00000cas a22000007a 4500</leader><controlfield tag="001">9236723</controlfield><controlfield tag="008">830218d18581892meuwr ne      0    0eng  </controlfield><datafield ind1=" " ind2=" " tag="010"><subfield code="a">sn 83009632 </subfield></datafield><datafield ind1=" " ind2=" " tag="040"><subfield code="a">DLC</subfield><subfield code="b">eng</subfield><subfield code="c">DLC</subfield><subfield code="d">NPX</subfield><subfield code="d">NPU</subfield><subfield code="d">NPT</subfield><subfield code="d">DLC</subfield><subfield code="d">MGN</subfield><subfield code="d">MBN</subfield><subfield code="d">OCL</subfield><subfield code="d">OCLCO</subfield><subfield code="d">OCLCQ</subfield><subfield code="d">OCLCF</subfield></datafield><datafield ind1="1" ind2=" " tag="029"><subfield code="a">AU@</subfield><subfield code="b">000020225718</subfield></datafield><datafield ind1=" " ind2=" " tag="042"><subfield code="a">msc</subfield></datafield><datafield ind1=" " ind2=" " tag="043"><subfield code="a">n-us-me</subfield></datafield><datafield ind1="0" ind2="0" tag="050"><subfield code="a">Newspaper 8007-X</subfield></datafield><datafield ind1="0" ind2="0" tag="245"><subfield code="a">Gardiner home journal.</subfield></datafield><datafield ind1=" " ind2=" " tag="260"><subfield code="a">Gardiner, Me. :</subfield><subfield code="b">A.M.C. Heath</subfield></datafield><datafield ind1=" " ind2=" " tag="300"><subfield code="a">volumes :</subfield><subfield code="b">illustrations (chiefly advertisements) ;</subfield><subfield code="c">65-68 cm</subfield></datafield><datafield ind1=" " ind2=" " tag="310"><subfield code="a">Weekly</subfield></datafield><datafield ind1=" " ind2=" " tag="336"><subfield code="a">text</subfield><subfield code="b">txt</subfield><subfield code="2">rdacontent</subfield></datafield><datafield ind1=" " ind2=" " tag="337"><subfield code="a">unmediated</subfield><subfield code="b">n</subfield><subfield code="2">rdamedia</subfield></datafield><datafield ind1=" " ind2=" " tag="338"><subfield code="a">volume</subfield><subfield code="b">nc</subfield><subfield code="2">rdacarrier</subfield></datafield><datafield ind1="0" ind2=" " tag="362"><subfield code="a">Vol. 6, no. 1 (Dec. 30, 1858)-v. 40, no. 52 (Dec. 28, 1892).</subfield></datafield><datafield ind1=" " ind2=" " tag="500"><subfield code="a">Editors: H.K. Morrell, &lt;1867&gt;; H.K. Morrell &amp; Son, &lt;1876&gt;.</subfield></datafield><datafield ind1=" " ind2=" " tag="500"><subfield code="a">Publishers: H.K. Morrell, &lt;1867&gt;; H.K. Morrell &amp; Son, &lt;1876&gt;.</subfield></datafield><datafield ind1=" " ind2=" " tag="500"><subfield code="a">Independent. Cf. Ayer, 1892.</subfield></datafield><datafield ind1=" " ind2=" " tag="580"><subfield code="a">Merged with: Kennebec reporter, to form: Reporter-journal (Gardiner, Me.).</subfield></datafield><datafield ind1=" " ind2="0" tag="651"><subfield code="a">Gardiner (Me.)</subfield><subfield code="v">Newspapers.</subfield></datafield><datafield ind1=" " ind2="7" tag="655"><subfield code="a">Newspapers.</subfield><subfield code="2">fast</subfield><subfield code="0">(OCoLC)fst01423814</subfield></datafield><datafield ind1=" " ind2="7" tag="651"><subfield code="a">Maine</subfield><subfield code="z">Gardiner.</subfield><subfield code="2">fast</subfield><subfield code="0">(OCoLC)fst01223541</subfield></datafield><datafield ind1="1" ind2=" " tag="700"><subfield code="a">Morrell, Hiram Kelley,</subfield><subfield code="d">1827-1911.</subfield></datafield><datafield ind1="1" ind2=" " tag="700"><subfield code="a">Heath, A. M. C.,</subfield><subfield code="d">-1862.</subfield></datafield><datafield ind1=" " ind2=" " tag="752"><subfield code="a">United States</subfield><subfield code="b">Maine</subfield><subfield code="c">Kennebec</subfield><subfield code="d">Gardiner.</subfield></datafield><datafield ind1="0" ind2="0" tag="780"><subfield code="t">Northern home journal</subfield><subfield code="w">(DLC)sn 86063258</subfield></datafield><datafield ind1="1" ind2="7" tag="785"><subfield code="t">Kennebec reporter</subfield><subfield code="w">(DLC)sn 84022450</subfield></datafield><datafield ind1="1" ind2="7" tag="785"><subfield code="t">Reporter-journal (Gardiner, Me.)</subfield><subfield code="w">(DLC)sn 95067861</subfield></datafield></record>